@article{Russwurm_2020,
  title = "Self-attention for raw optical Satellite Time Series Classification",
  journal = "ISPRS Journal of Photogrammetry and Remote Sensing",
  volume = "169",
  pages = "421 - 435",
  year = "2020",
  author = "Marc Russwurm and Marco K{\"o}rner",
}
@inproceedings{Alcantarilla_2013,
  title={Fast Explicit Diffusion for Accelerated Features in Nonlinear Scale Spaces},
  author={P. Alcantarilla and J. Nuevo and A. Bartoli},
  booktitle={BMVC},
  year={2013}
}
@article{Yanga_2021,
  author={Liu Yanga, Xuhui Menga, George Em Karniadakis},
  title={B-PINNs: Bayesian physics-informed neural networks for forward and inverse PDE problems with noisy data},
  journal={Journal of Computational Physics},
  volume={425},
  month={January},
  year={2021}
}
@inproceedings{Lakshinarayanan_2017,
 author = {Lakshminarayanan, Balaji and Pritzel, Alexander and Blundell, Charles},
 booktitle = {Advances in Neural Information Processing Systems},
 pages = {6402--6413},
 publisher = {Curran Associates, Inc.},
 title = {Simple and Scalable Predictive Uncertainty Estimation using Deep Ensembles},
 volume = {30},
 year = {2017}
}
@article{Sarghini_2003,
title = "Neural networks based subgrid scale modeling in large eddy simulations",
journal = "Computers and Fluids",
volume = "32",
number = "1",
pages = "97 - 108",
year = "2003",
author = "F. Sarghini and G. {de Felice} and S. Santini",
}
@article{Verdoja_2020,
       author = {{Verdoja}, Francesco and {Kyrki}, Ville},
        title = "{Notes on the Behavior of MC Dropout}",
      journal = {arXiv e-prints},
         year = 2020,
        month = aug,
       eprint = {2008.02627},
}
@article{Baydin_2017,
author = {Baydin, At\i{}l\i{}m G\"{u}nes and Pearlmutter, Barak A. and Radul, Alexey Andreyevich and Siskind, Jeffrey Mark},
title = {Automatic Differentiation in Machine Learning: A Survey},
year = {2017},
publisher = {JMLR.org},
volume = {18},
number = {1},
journal = {J. Mach. Learn. Res.},
pages = {5595–5637},
}
@article{Isola_2017,
  title={Image-to-Image Translation with Conditional Adversarial Networks},
  author={Isola, Phillip and Zhu, Jun-Yan and Zhou, Tinghui and Efros, Alexei A},
  journal={CVPR},
  year={2017}
}
@article{Zhang_2019,
  title={Quantifying total uncertainty in physics-informed neural networks for solving forward and inverse stochastic problems},
  author={D. Zhang and L. Lu and L. Guo and G. Karniadakis},
  journal={J. Comput. Phys.},
  year={2019},
  volume={397}
}

@article{Yuval_2020,
  title = "Stable machine-learning parameterization of subgrid processes for climate modeling at a range of resolutions",
  journal = "Nature Communications",
  volume = "11",
  issue = 1,
  year = "2020",
  author = "Yuval, Janni and OGorman, Paul A.",
}
@phdthesis{Gal_2016b,
  author       = {Yarin Gal}, 
  title        = {Uncertainty in Deep Learning},
  school       = {University of Cambridge},
  year         = 2016,
  address      = {Cambridge},
  month        = 9,
}

@article{Amodei_2016,
       author = {{Amodei}, Dario and {Olah}, Chris and {Steinhardt}, Jacob and {Christiano}, Paul and {Schulman}, John and {Man{\'e}}, Dan},
        title = "{Concrete Problems in AI Safety}",
         year = 2016,
        month = jun,
        pages = {arXiv:1606.06565},
}


@InProceedings{Li_2020,
  title =    {Scalable Gradients for Stochastic Differential Equations},
  author =       {Li, Xuechen and Wong, Ting-Kam Leonard and Chen, Ricky T. Q. and Duvenaud, David},
  booktitle =    {Proceedings of the Twenty Third International Conference on Artificial Intelligence and Statistics},
  pages =    {3870--3882},
  year =   {2020},
  volume =   {108},
  series =   {Proceedings of Machine Learning Research},
  publisher =    {PMLR},
}
@inproceedings{Emanuel_1995,
  title={Rayleigh-Benard convection},
  booktitle={Atmospheric convection},
  author={Kerry A. Emanuel},
  publisher={Oxford University press.},
  pages={pp. 580},
  year= 1995,
  }
@article{Zhang_2019,
  title = "Quantifying total uncertainty in physics-informed neural networks for solving forward and inverse stochastic problems",
  journal = "Journal of Computational Physics",
  volume = "397",
  pages = "108850",
  year = "2019",
  issn = "0021-9991",
  author = "Dongkun Zhang and Lu Lu and Ling Guo and George Em Karniadakis",
}
@article{Cachay_2020,
  title = "Graph Neural Networks for Improved El Ni\~no Forecasting",
  journal = "Conference on Neural Information Processing Systems 2020, Workshop on Tackling Climate Change with AI",
  year = "2020",
  author = "Salva R{\"}uhling Cachay and Emma Erickson and Arthur Fender C. Bucker and Ernest Pokropek and Willa Potosnak and Bj{\"}orn L{\"}utjens and Salomey Osei",
}
@INPROCEEDINGS{Tareen_2018,
  author={S. A. K. {Tareen} and Z. {Saleem}},
  booktitle={2018 International Conference on Computing, Mathematics and Engineering Technologies (iCoMET)}, 
  title={A comparative analysis of SIFT, SURF, KAZE, AKAZE, ORB, and BRISK}, 
  year={2018},
  volume={},
  number={},
  pages={1-10},
  doi={10.1109/ICOMET.2018.8346440}
}

@INPROCEEDINGS{Cohen_2012,
  author={Cohen, Stewart Jay and Sheppard, Stephen and Shaw, Alison and Flanders, David and Burch, Sarah and Taylor, Bill and Hutchinson, David and Cannon, Alex and Hamilton, Stuart and Burton, Brent and Carmichael, Jeff},
  booktitle={Mitigation and Adaptation Strategies for Global Change}, 
  title={Downscaling and visioning of mountain snow packs and other climate change implications in North Vancouver, British Columbia}, 
  year={2012},
  volume={17},
  number={1},
  pages={25-49},
}
@article{Jude_2006,
 author = {S. Jude and A. P. Jones and J. E. Andrews and I. J. Bateman},
 journal = {Journal of Coastal Research},
 number = {6},
 pages = {1527--1538},
 publisher = {Coastal Education & Research Foundation, Inc.},
 title = {Visualisation for Participatory Coastal Zone Management: A Case Study of the Norfolk Coast, England},
 volume = {22},
 year = {2006}
}
@article{ONeill_2014,
author = {O'Neill, Saffron J. and Smith, Nicholas},
title = {Climate change and visual imagery},
journal = {WIREs Climate Change},
volume = {5},
number = {1},
pages = {73-87},
year = {2014}
}
@article{Burch_2010,
author = {Burch, S. and Sheppard, S.R.J. and Shaw, A. and Flanders, D.},
title = {Planning for climate change in a flood-prone community: municipal barriers to policy action and the use of visualizations as decision-support tools},
journal = {Journal of Flood Risk Management},
volume = {3},
number = {2},
pages = {126-139},
year = {2010}
}

@article{Burch_2010,
author = {Nourbakhsh, Illah and Sargent, Randy and Wright, Anne and Cramer, Kathryn and McClendon, Brian and Jones, Michael},
title = {Mapping disaster zones},
journal = {Journal of Flood Risk Management},
volume = {3},
number = {2},
pages = {126-139},
year = {2010}
}
@article{Sheppard_2005,
title = "Landscape visualisation and climate change: the potential for influencing perceptions and behaviour",
journal = "Environmental Science and Policy",
volume = "8",
number = "6",
pages = "637 - 654",
year = "2005",
issn = "1462-9011",
author = "Stephen R.J. Sheppard",
}
@article{Twumasi_2017,
title = "Techniques of Remote Sensing and GIS as Tools for Visualizing Impact of Climate Change-Induced Flood in the Southern African Region",
journal = "American Journal of Climate Change",
volume = "6",
pages = "306-327",
year = "2017",
author = "Twumasi, Y. , Merem, E. , Ayala-Silva, T. , Osei, A. , Petja, B. and Alexander, K.",
}
@article{Lester_2009,
  author = {Libby Lester and Simon Cottle},
  title = {Visualizing Climate Change: Television News and Ecological Citizenship},
  journal = {International Journal of Communication},
  volume = {3},
  number = {0},
  year = {2009},
}
@article{Wang_2018,
author = {Wang, Susie and Corner, Adam and Chapman, Daniel and Markowitz, Ezra},
title = {Public engagement with climate imagery in a changing digital landscape},
journal = {WIREs Climate Change},
volume = {9},
number = {2},
pages = {e509},
year = {2018}
}
@article{Nourbakhsh_2006,
  author = {Nourbakhsh, Illah and Sargent, Randy and Wright, Anne and Cramer, Kathryn and McClendon, Brian and Jones, Michael},
  year = 2006,
  title = {Mapping disaster zones}, 
  journal = {Nature}, 
  volume = 439,
  issue = 7078,
  pages = {787-788}, 
}

@misc{Cox_2009,
 title = {"City of Davenport Uses 3D Visualization to Prepare for Flooding"},
 author = {Dave Cox, Kevin James}, 
 journal = {Environmental Observer, GIS for Environmental Management Solutions},
 publisher = {ESRI},
 year = 2009,
}
PY  - 2006
DA  - 2006/02/01
TI  - 
JO  - Nature
SP  - 787
EP  - 788
VL  - 439
IS  - 7078
AB  - Google Earth software proved effective during relief efforts in New Orleans and Pakistan, say Illah Nourbakhsh and colleagues. Is there more to be gained than lost from opening up disaster operations to the wider public?
SN  - 1476-4687
UR  - https://doi.org/10.1038/439787a
DO  - 10.1038/439787a
ID  - Nourbakhsh2006
ER  - 

@incollection{Sheppard_2012,
  author = {Sheppard, S.},
  booktitle = {Visualizing Climate Change},
  year = {2012},
  publisher = {Taylor and Francis},
  location = {London, Routledge},
}

@ARTICLE{Brenowitz_2020,
       author = {{Brenowitz}, Noah D. and {Henn}, Brian and {McGibbon}, Jeremy and
         {Clark}, Spencer K. and {Kwa}, Anna and {Perkins}, W. Andre and
         {Watt-Meyer}, Oliver and {Bretherton}, Christopher S.},
        title = "{Machine Learning Climate Model Dynamics: Offline versus Online Performance}",
         year = 2020,
        month = nov,
archivePrefix = {arXiv},
       eprint = {2011.03081},
}

@INPROCEEDINGS{Pathak_2016,
  author={D. {Pathak} and P. {Krähenbühl} and J. {Donahue} and T. {Darrell} and A. A. {Efros}},
  booktitle={2016 IEEE Conference on Computer Vision and Pattern Recognition (CVPR)}, 
  title={Context Encoders: Feature Learning by Inpainting}, 
  year={2016},
  volume={},
  number={},
  pages={2536-2544},
}
@article {Bau_2020,
  author = {Bau, David and Zhu, Jun-Yan and Strobelt, Hendrik and Lapedriza, Agata and Zhou, Bolei and Torralba, Antonio},
  title = {Understanding the role of individual units in a deep neural network},
  elocation-id = {201907375},
  year = {2020},
  doi = {10.1073/pnas.1907375117},
  publisher = {National Academy of Sciences},
  journal = {Proceedings of the National Academy of Sciences}
}

@INPROCEEDINGS{Efros_1999,
  author={A. A. {Efros} and T. K. {Leung}},
  booktitle={Proceedings of the Seventh IEEE International Conference on Computer Vision}, 
  title={Texture synthesis by non-parametric sampling}, 
  year={1999},
  volume={2},
  number={},
  pages={1033-1038 vol.2},
}

@incollection{Lee_2018a,
  title = {Context-aware Synthesis and Placement of Object Instances},
  author = {Lee, Donghoon and Liu, Sifei and Gu, Jinwei and Liu, Ming-Yu and Yang, Ming-Hsuan and Kautz, Jan},
  booktitle = {Advances in Neural Information Processing Systems 31},
  editor = {S. Bengio and H. Wallach and H. Larochelle and K. Grauman and N. Cesa-Bianchi and R. Garnett},
  pages = {10393--10403},
  year = {2018},
}
@INPROCEEDINGS{Yu_2019a,
  author={J. {Yu} and Z. {Lin} and J. {Yang} and X. {Shen} and X. {Lu} and T. {Huang}},
  booktitle={2019 IEEE/CVF International Conference on Computer Vision (ICCV)}, 
  title={Free-Form Image Inpainting With Gated Convolution}, 
  year={2019},
  volume={},
  number={},
  pages={4470-4479},
}

@INPROCEEDINGS{Lin_2018,
  author={C. {Lin} and E. {Yumer} and O. {Wang} and E. {Shechtman} and S. {Lucey}},
  booktitle={2018 IEEE/CVF Conference on Computer Vision and Pattern Recognition}, 
  title={ST-GAN: Spatial Transformer Generative Adversarial Networks for Image Compositing}, 
  year={2018},
  volume={},
  number={},
  pages={9455-9464},
  doi={10.1109/CVPR.2018.00985}}
Copy
@inproceedings{Anonymous_2021,
  title={You Only Need Adversarial Supervision for Semantic Image Synthesis},
  author={Anonymous},
  booktitle={Submitted to International Conference on Learning Representations},
  year={2021},
  url={https://openreview.net/forum?id=yvQKLaqNE6M},
  note={under review}
}
@inproceedings{Wang_2018,
  title={High-resolution image synthesis and semantic manipulation with conditional gans},
  author={Wang, Ting-Chun and Liu, Ming-Yu and Zhu, Jun-Yan and Tao, Andrew and Kautz, Jan and Catanzaro, Bryan},
  booktitle={Proceedings of the IEEE conference on computer vision and pattern recognition (CVPR)},
  pages={8798--8807},
  year={2018}, 
  url = {https://github.com/NVIDIA/pix2pixHD}
}

@article{Rosenberg_2019,
  author = {Rosenberg, Kenneth V. and Dokter, Adriaan M. and Blancher, Peter J. and Sauer, John R. and Smith, Adam C. and Smith, Paul A. and Stanton, Jessica C. and Panjabi, Arvind and Helft, Laura and Parr, Michael and Marra, Peter P.},
  title = {Decline of the North American avifauna},
  volume = {366},
  number = {6461},
  pages = {120--124},
  year = {2019},
  publisher = {American Association for the Advancement of Science},
  journal = {Science}
}
@ARTICLE{Yang_2020,
       author = {{Yang}, Yibo and {Aziz Bhouri}, Mohamed and {Perdikaris}, Paris},
        title = "{Bayesian differential programming for robust systems identification under uncertainty}",
      journal = {arXiv e-prints},
         year = 2020,
        month = apr,
          eid = {arXiv:2004.06843},
        pages = {arXiv:2004.06843},
}
@incollection{Neal_2012,
       author = {{Neal}, Radford M.},
        title = "{MCMC using Hamiltonian dynamics}",
      booktitle = {Handbook of Markov Chain Monte Carlo},
         year = 2011,
        month = jun,
        editor = {Brooks, S. and Gelman, A. and Jones, G. and Meng, X.L.},
        publisher = {Chapman and Hall/CRC},
        location = {New York},
}

@incollection{Greydanus_2019,
title = {Hamiltonian Neural Networks},
author = {Greydanus, Samuel and Dzamba, Misko and Yosinski, Jason},
booktitle = {Advances in Neural Information Processing Systems 32},
editor = {H. Wallach and H. Larochelle and A. Beygelzimer and F. d Alch-Buc and E. Fox and R. Garnett},
pages = {15379--15389},
year = {2019},
publisher = {Curran Associates, Inc.},
}
@article{Lopez_2020,
    author = {Lopez, Philippe},
    title = {Forecasting the Past: Views of Earth from the Moon and Beyond},
    journal = {Bulletin of the American Meteorological Society},
    volume = {101},
    number = {7},
    pages = {E1190-E1200},
    year = {2020},
    month = {08},
}
@inproceedings{Ribeiro_2016,
  author = {Ribeiro, Marco Tulio and Singh, Sameer and Guestrin, Carlos},
  title = {"Why Should I Trust You?": Explaining the Predictions of Any Classifier},
  year = {2016},
  publisher = {Association for Computing Machinery},
  address = {New York, NY, USA},
  booktitle = {Proceedings of the 22nd ACM SIGKDD International Conference on Knowledge Discovery and Data Mining},
  pages = {1135–1144},
  numpages = {10},
  series = {KDD '16}
}
@article{Karpatne_2017,
    author = {{Karpatne}, Anuj and {Watkins}, William and {Read}, Jordan and {Kumar}, Vipin},
    title = "{Physics-guided Neural Networks (PGNN): An Application in Lake Temperature Modeling}",
    journal = {arXiv e-prints},
    year = 2017,
    month = oct,
    pages = {arXiv:1710.11431},
}
@article{Raissi_2018,
  author  = {Maziar Raissi},
  title   = {Deep Hidden Physics Models: Deep Learning of Nonlinear Partial Differential Equations},
  journal = {Journal of Machine Learning Research},
  year    = {2018},
  volume  = {19},
  number  = {25},
  pages   = {1-24},
}
@proceedings{Long_2018,
  title =    {{PDE}-Net: Learning {PDE}s from Data},
  author =       {Long, Zichao and Lu, Yiping and Ma, Xianzhong and Dong, Bin},
  pages =    {3208--3216},
  year =   {2018},
  volume =   {80},
  series =   {Proceedings of Machine Learning Research},
  publisher =    {PMLR},
}

@article{Yang_2020,
  author = {Yang, Liu and Zhang, Dongkun and Karniadakis, George Em},
  journal = {SIAM Journal on Scientific Computing},
  number = {1},
  pages = {A292--A317},
  title = {{Physics-Informed Generative Adversarial Networks for Stochastic Differential Equations}},
  volume = {42},
  year = {2020}
}
@incollection{Hao_2018,
title = {Visualizing the Loss Landscape of Neural Nets},
author = {Li, Hao and Xu, Zheng and Taylor, Gavin and Studer, Christoph and Goldstein, Tom},
booktitle = {Advances in Neural Information Processing Systems 31},
editor = {S. Bengio and H. Wallach and H. Larochelle and K. Grauman and N. Cesa-Bianchi and R. Garnett},
pages = {6389--6399},
year = {2018},
}
@ARTICLE{Van_den_oord_2018,
       author = {{van den Oord}, Aaron and {Li}, Yazhe and {Vinyals}, Oriol},
        title = "{Representation Learning with Contrastive Predictive Coding}",
         year = 2018,
archivePrefix = {arXiv},
       eprint = {1807.03748},
}
@article{Raimundo_2020,
author = {Gabriela I. Raimundo and Magda C. Sousa and João M. Dias},
title = {{Numerical Modelling of Plastic Debris Transport and Accumulation throughout Portuguese Coast}},
volume = {95},
journal = {Journal of Coastal Research},
number = {sp1},
publisher = {Coastal Education and Research Foundation},
pages = {1252 -- 1257},
year = {2020},
}
@article{Subramani_2017,
author = {Subramani, Deepak N. and Haley Jr., Patrick J. and Lermusiaux, Pierre F. J.},
title = {Energy-optimal path planning in the coastal ocean},
journal = {Journal of Geophysical Research: Oceans},
volume = {122},
number = {5},
pages = {3981-4003},
year = {2017}
}

@INPROCEEDINGS{Lorre_2020,
  author={G. {LORRE} and J. {RABARISOA} and A. {ORCESI} and S. {AINOUZ} and S. {CANU}},
  booktitle={2020 IEEE Winter Conference on Applications of Computer Vision (WACV)}, 
  title={Temporal Contrastive Pretraining for Video Action Recognition}, 
  year={2020},
  volume={},
  number={},
  pages={651-659},}

@article{Elsen_2020,
  title = "Landsat 8 TIRS-derived relative temperature and thermal heterogeneity predict winter bird species richness patterns across the conterminous United States",
  journal = "Remote Sensing of Environment",
  volume = "236",
  pages = "111514",
  year = "2020",
  issn = "0034-4257",
  doi = "https://doi.org/10.1016/j.rse.2019.111514",
  author = "Paul R. Elsen and Laura S. Farwell and Anna M. Pidgeon and Volker C. Radeloff",
}
@article{Kashinath_2020,
  title = {ClimateNet: Bringing the power of Deep Learning to weather and climate sciences via open datasets and architectures},
  author = {Karthik Kashinath and M. Mudigonda and K. Yang and J. Chen and A. Greiner and M. Prabhat},
  journal = {2020 AMS Annual Meeting},
  year = 2020, 
  month = {January},
}
@inproceedings{Gal_2016,
  author = {Gal, Yarin and Ghahramani, Zoubin},
  title = {Dropout as a Bayesian Approximation: Representing Model Uncertainty in Deep Learning},
  year = {2016},
  publisher = {JMLR.org},
  booktitle = {Proceedings of the 33rd International Conference on International Conference on Machine Learning - Volume 48},
  pages = {1050–1059},
  numpages = {10},
  location = {New York, NY, USA},
  series = {ICML’16}
}


@inproceedings{Kingma_2015,
  author    = {Diederik P. Kingma and
               Jimmy Ba},
  editor    = {Yoshua Bengio and
               Yann LeCun},
  title     = {Adam: {A} Method for Stochastic Optimization},
  booktitle = {3rd International Conference on Learning Representations, {ICLR} 2015,
               San Diego, CA, USA, May 7-9, 2015, Conference Track Proceedings},
  year      = {2015},
}

@InProceedings{Duhart_2019,
  author="Duhart, Clement
  and Dublon, Gershon
  and Mayton, Brian
  and Paradiso, Joseph",
  editor="Thampi, Sabu M.
  and Marques, Oge
  and Krishnan, Sri
  and Li, Kuan-Ching
  and Ciuonzo, Domenico
  and Kolekar, Maheshkumar H.",
  title="Deep Learning Locally Trained Wildlife Sensing in Real Acoustic Wetland Environment",
  booktitle="Advances in Signal Processing and Intelligent Recognition Systems",
  year="2019",
  publisher="Springer Singapore",
}
@article{Dibike_2006,
  title = "Temporal neural networks for downscaling climate variability and extremes",
  journal = "Neural Networks",
  volume = "19",
  number = "2",
  pages = "135 - 144",
  year = "2006",
  note = "Earth Sciences and Environmental Applications of Computational Intelligence",
  issn = "0893-6080",
  author = "Yonas B. Dibike and Paulin Coulibaly",
}
@misc{Hoar_2008,
  author = {Tim Hoar and Dough Nychka},
  journal = {white paper from IMAGe/NCAR},
  year = 2008,
  month = {April},
  title = {Statistical downscaling of the Community Climate System Model (CCSM) monthly temperature and precipitation projections},
}
@article{Khandelwal_2020,
  title = {ReaLSAT-R: A new Reservoir Surface Area Dynamics Database created using Machine Learning and Satellite Imagery},
  author  = {Ankush Khandelwal and Anuj Karpatne and Zhihao Wei and Rahul Ghosh and Huangying Kuang and Kelly Cutler and Hilary Dugan and Paul Hanson and Vipin Kumar},
  journal = "ICLR workshop 2020",
  year = 2020,
}
@article{Long_2019,
  title = "PDE-Net 2.0: Learning PDEs from data with a numeric-symbolic hybrid deep network",
  journal = "Journal of Computational Physics",
  volume = "399",
  pages = "108925",
  year = "2019",
  author = "Zichao Long and Yiping Lu and Bin Dong",
}
@misc{CoralCLEF_2020,
  author={ImageCLEF},
  title = {ImageCLEF 2020 Coral - Pixel-wise parsing},
  url = {https://www.aicrowd.com/challenges/imageclef-2020-coral-pixel-wise-parsing},

  }
@article{Mosavi_2018, 
  title={Flood Prediction Using Machine Learning Models: Literature Review}, 
  volume={10},
  ISSN={2073-4441}, 
  number={11}, 
  journal={Water}, 
  publisher={MDPI AG}, 
  author={Mosavi, Amir and Ozturk, Pinar and Chau, Kwok-wing}, 
  year={2018}, 
  month={Oct}, 
  pages={1536}
}
@ARTICLE{Zvika_2019,
 author = {{Ben-Haim}, Zvika and {Anisimov}, Vladimir and {Yonas}, Aaron and
 {Gulshan}, Varun and {Shafi}, Yusef and {Hoyer}, Stephan and
 {Nevo}, Sella},
  title = "{Inundation Modeling in Data Scarce Regions}",
  journal = {arXiv e-prints},
 year = 2019,
  month = oct,
archivePrefix = {arXiv},
       eprint = {1910.05006},
}


@article{Douvere_2011,
  author = {Douvere, Fanny and Ehler, Charles},
  year = {2011},
  month = {06},
  pages = {305-311},
  title = {The importance of monitoring and evaluation in adaptive maritime spatial planning},
  volume = {15},
  journal = {Journal of Coastal Conservation},
  doi = {10.1007/s11852-010-0100-9}
}
@article{Santos_2020,
  author = {Frazao Santos, Catarina and Agardy, Tundi and Andrade, Francisco and Calado, Helena and Crowder, Larry B. and Ehler, Charles N. and Garcia-Morales, Sara and Gissi, Elena and Halpern, Benjamin S. and Orbach, Michael K. and Portner, Hans-Otto and Rosa, Rui},
  year = 2020,
  title = {Integrating climate change in ocean planning},
  journal = {Nature Sustainability},
  issue = {2398-9629}
}
@Article{Caras_2015,
AUTHOR = {Caras, Tamir and Karnieli, Arnon},
TITLE = {Ground-Level Classification of a Coral Reef Using a Hyperspectral Camera},
JOURNAL = {Remote Sensing},
VOLUME = {7},
YEAR = {2015},
NUMBER = {6},
PAGES = {7521--7544},
URL = {https://www.mdpi.com/2072-4292/7/6/7521},
}
@article{Daniels_2015,
  author = {Daniels, B. and Nemenman, I.},
  title = {Automated adaptive inference of phenomenological dynamical models},
  journal = {Nat Commun},
  number = 6,
  volume = 8133,
  year = 2015
}
@misc{Palmer_2019,
  title = {We Need an International Center for Climate Modeling},
  author = {Tim Palmer, Bjorn Stevens, Peter Bauer},
  url = {https://blogs.scientificamerican.com/observations/we-need-an-international-center-for-climate-modeling/},
  year = 2019,
  note = {last accessed 04/13/20}
}
@misc{Skeptical_2020,
  title = {Global Warming and Climate Myths}, 
  author = {SkepticalScience},
  year = 2020,
  url = {https://skepticalscience.com/argument.php},
  note = {last accessed 04/13/20},
}
@book{Brunton_2019,
  title = {Data-Driven Science and Engineering},
  author = {Steven L. Brunton, J. Nathan Kutz},
  publisher = {Cambridge University Press},
  month = {February},
  year = 2019,
  isbn = {9781108380690},
  doi = {https://doi.org/10.1017/9781108380690},
}
@misc{Chantry_2019,
  title = {Machine Learning for Weather and Climate Modelling},
  author = {Matthew Chantry, Hannah Christensen, Peter Dueben, Tim Palmer},
  url = {http://users.ox.ac.uk/~phys0895/mlwc2019/index.html},
  year = 2019,
  note = {last accessed 04/13/20}
}
@misc{Gyri_2020,
  title = {Gyri Reierson},
  author = {LinkedIn},
  url = {https://www.linkedin.com/in/gyrireiersen/},
  year = 2020,
  note = {last accessed 03/30/20}
}
@misc{IDtrees_2020,
  title = {IDTREES: Integrating Data science with Trees and Remote Sensing},
  author = {"WeEcology, University of Florida"},
  url = {https://idtrees.org/competition/},
  year = 2020,
  note = {last accessed 03/30/20}
}
https://idtrees.org/competition/
@article{Souza_2020,
  author = {Souza, Andre Nogueira and Wagner, Gregory LeClaire and Ramadhan, Ali and Churavy, Valentin and Allen, Brandon and Schloss, James and Campin, Jean-Michel and Hill, Chris and Edelman, Alan and Marshall, John and et al.},
  title = {Uncertainty quantification of ocean parameterizations: application to the K-Profile-Parameterization for penetrative convection},
  journal = {Earth and Space Science Open Archive},
  pages = {41},
  year = {2020},
}

@misc{GEDI_2020,
  author = {UMD},
  title = {Global Ecosystem Dynamics Investigation (GEDI)},
  year = 2020,
  url = {https://gedi.umd.edu/}
}
@misc{ISS_national_lab_2019,
  year = 2019,
  month = {December},
  title = "Annual Report for Fiscal Year 2019",
  author = "{International Space Station U.S. National Laboratory}",
  url = {ISSNationalLab.org/AR2019},
}
@misc{ISS_national_lab_oct_2019,
  author = "{International Space Station U.S. National Laboratory}",
  title = "Key Developments in the Management of the ISS National Lab (2011-2019)",
  year = 2019,
  month = {October},
}Key Developments in the Management of the ISS National Lab (2011-2019)
@misc{ambassadors_2019,
  year =2019,
  url = {www.spacestationexplorers.org/ambassadors},
  title = "{ISS National Lab Space Station Ambassadors}",
  note = {last accessed 03/22/20}
}
@misc{upward_2019,
  year = 2019,
  month = {July},
  title = "Spaceflight Studies for a Sustainable Future",
  author = "Brian Greene",
  url = "https://upward.issnationallab.org/spaceflight-studies-for-a-sustainable-future/"
}


@article{Raissi_2019,
title = "Physics-informed neural networks: A deep learning framework for solving forward and inverse problems involving nonlinear partial differential equations",
journal = "Journal of Computational Physics",
volume = "378",
pages = "686 - 707",
year = "2019",
author = "M. Raissi and P. Perdikaris and G.E. Karniadakis",
}
@article {Han_2018,
  author = {Han, Jiequn and Jentzen, Arnulf and E, Weinan},
  title = {Solving high-dimensional partial differential equations using deep learning},
  volume = {115},
  number = {34},
  pages = {8505--8510},
  year = {2018},
  doi = {10.1073/pnas.1718942115},
  publisher = {National Academy of Sciences},
  journal = {Proceedings of the National Academy of Sciences}
}
@article{Daniels_2015,
  author = {Daniels, B. and Nemenman, I.},
  title = {Automated adaptive inference of phenomenological dynamical models},
  journal = {Nat Commun},
  number = 6,
  volume = 8133,
  year = 2015
}
@article{Rackauckas_2020,
  title={Universal Differential Equations for Scientific Machine Learning},
  author={Christopher Rackauckas and Yingbo Ma and Julius Martensen and Collin Warner and Kirill Zubov and Rohit Supekar and Dominic Skinner and Ali Ramadhan},
  journal={ArXiv},
  year={2020},
  volume={abs/2001.04385}
}
@ARTICLE{Courty_2017,
  author={N. {Courty} and R. {Flamary} and D. {Tuia} and A. {Rakotomamonjy}},
  journal={IEEE Transactions on Pattern Analysis and Machine Intelligence}, 
  title={Optimal Transport for Domain Adaptation}, 
  year={2017},
  volume={39},
  number={9},
  pages={1853-1865},}

@incollection{Chen_2018,
  title = {Neural Ordinary Differential Equations},
  author = {Chen, Tian Qi and Rubanova, Yulia and Bettencourt, Jesse and Duvenaud, David K},
  booktitle = {Advances in Neural Information Processing Systems 31},
  pages = {6571--6583},
  year = {2018},
  publisher = {Curran Associates, Inc.},
  url = {http://papers.nips.cc/paper/7892-neural-ordinary-differential-equations.pdf}
}

@misc{un_spider_2019,
  author = {UN-SPIDER},
  title = {Data application of the month: Locust monitoring},
  year = 2019,
  url = {http://www.un-spider.org/links-and-resources/data-sources/daotm-locust-monitoring}
}
@phdthesis{Khandelwal_2019,
  author       = {Khandelwal, Ankush}, 
  title        = {ORBIT (Ordering Based Information Transfer): A Physics Guided Machine Learning Framework to Monitor the Dynamics of Water Bodies at a Global Scale},
  school       = {University of Minnesota},
  year         = 2019,
}
@phdthesis{Aragon_2019,
  author       = {Gomez Aragon, Diego}, 
  title        = {Identifying Desert locust breeding areas by means of Earth Observation in Mauritania},
  school       = {Universidad de Valladolid. Facultad de Ciencias},
  year         = 2019,
  address      = {Departamento de Física Aplicada},
}
@article{Rackauckas_2020,
  title={Universal Differential Equations for Scientific Machine Learning},
  author={Christopher Rackauckas and Yingbo Ma and Julius Martensen and Collin Warner and Kirill Zubov and Rohit Supekar and Dominic Skinner and Ali Ramadhan},
  journal={ArXiv},
  year={2020},
  volume={abs/2001.04385}
}
@incollection{Chen_2018,
  title = {Neural Ordinary Differential Equations},
  author = {Chen, Tian Qi and Rubanova, Yulia and Bettencourt, Jesse and Duvenaud, David K},
  booktitle = {Advances in Neural Information Processing Systems 31},
  pages = {6571--6583},
  year = {2018},
  publisher = {Curran Associates, Inc.},
  url = {http://papers.nips.cc/paper/7892-neural-ordinary-differential-equations.pdf}
}

@article{Lickley_2020,
  author = {Lickley, M. and Solomon, S. and Fletcher, S. and Velders, G. and Daniel, J. and Rigby, M.},
  journal = {(In Review)},
  title = {On the chlorofluorocarbons banked in equipment: contributions to emissions and impacts on the ozone layer and the climate},
  year = 2020
}
@article{Lickley_2018,
  author = {Lickley, M., & Solomon, S.},
  year = 2018,
  title = {Drivers, timing and some impacts of global aridity change},
  journal = {Environmental Research Letters},
  volume = 13,
  number = 10
}
@article{Lickley_2018b,
  author = "Lickley, M. J. and Hay, C. C. and Tamisiea, M. E. and Mitrovica, J. X.",
  year = "2018",
  title = "Bias in estimates of global mean sea level change inferred from satellite altimetry",
  journal = "Journal of Climate",
  volume = 31,
  number = 13,
  pages = "5263-5271"
}

@article {Brunton_2016,
  author = {Brunton, Steven L. and Proctor, Joshua L. and Kutz, J. Nathan},
  title = {Discovering governing equations from data by sparse identification of nonlinear dynamical systems},
  volume = {113},
  number = {15},
  pages = {3932--3937},
  year = {2016},
  publisher = {National Academy of Sciences},
  journal = {Proceedings of the National Academy of Sciences}
}

@misc{OGorman_news_2019,
  title = "Paul O’Gorman on the Promise of Machine Learning in Climate Modeling",
  publisher = "EAPS news",
  month = "February",
  year = 2019,
  author = "Kelsey Tsipis",
  url = "https://eapsweb.mit.edu/news/2019/paul-ogorman-promise-machine-learning-climate-modeling",
  note = "last accessed 3/5/20"
  }
@article{Marotzke_2017,
  author = "Marotzke, Jochem and Jakob, Christian and Bony, Sandrine and Dirmeyer, Paul A. and O'Gorman, Paul A. and Hawkins, Ed and Perkins-Kirkpatrick, Sarah and Quéré, Corinne Le and Nowicki, Sophie and Paulavets, Katsia and Seneviratne, Sonia I. and Stevens, Bjorn and Tuma, Matthias",
  year = 2017,
  title = "Climate research must sharpen its view",
  journal = "Nature Climate Change",
  volume = 7,
  issue = 2
}
@article{Gesamp_2019,
  title = "High level review of a wide range of proposed marine geoengineering techniques",
  journal = "GESAMP Reports and Studies Series",
  year = "2019",
  editors = "Boyd, P.W. and Vivian, C.M.G.",
  author = "GESAMP working group 41",
}
@misc{Sernanp_2019,
  author = "{Servicio Nacional de Areas Naturales Protegidas por el Estado (SERNANP)}",
  day = 26,
  month = "February", 
  year = 2020,
  title = "La Niebla Forest: Nueva Area de Conservacion Privada reconocida en la region Junin",
  url = {http://tiny.cc/0oknkz}, 
  journal = "Nature Communications",
  volume = 10,
  issue = 1,
}
@article{Efi_cal_2019,
  title = "Optionality, Flexibility and Innovation: Pathways for Deep Decarbonization in California",
  author = "{Ernest J. Moniz et al.}",
  year = "2019",
  month = "May",
  journal = "Energy Future Initiatives",
}
@article{Efi_cdr_2019,
  title = "Clearing the Air",
  author = "{Ernest J. Moniz et al.}",
  year = "2019",
  month = "Sep",
  journal = "Energy Future Initiatives",
}
@article{Doe_2016,
  title = "Departmental Response: Assessment of the Report of the SEAB Task Force on CO2 Utilization",
  author = "{US Department of Energy}",
  year = "2016",
}
@article{Kulp_2019,
  author = "Kulp, Scott A. and Strauss, Benjamin H."
  year = 2019,
  title = "New elevation data triple estimates of global vulnerability to sea-level rise and coastal flooding",
  journal = "Nature Communications",
  volume = 10,
  issue = 1,
}
@article{Zhu_2019,
title = "Physics-constrained deep learning for high-dimensional surrogate modeling and uncertainty quantification without labeled data",
journal = "Journal of Computational Physics",
volume = "394",
pages = "56 - 81",
year = "2019",
author = "Yinhao Zhu and Nicholas Zabaras and Phaedon-Stelios Koutsourelakis and Paris Perdikaris",
}
@article{Bever_2018,
author = {Bever, Aaron J. and Friedrichs, Marjorie A. M. and Friedrichs, Carl T. and Scully, Malcolm E.},
title = {Estimating Hypoxic Volume in the Chesapeake Bay Using Two Continuously Sampled Oxygen Profiles},
journal = {Journal of Geophysical Research: Oceans},
volume = {123},
number = {9},
pages = {6392-6407},
keywords = {Chesapeake Bay, oxygen, dead zone, hypoxia, observing systems, estuary},
year = {2018}
}
@inproceedings{Barnston_2012,
  author = {Barnston, A. G., Tippett, M. K., L’Heureux, M. L., Li, S. & DeWitt, D. G.},
  title = {Skill of real-time seasonal ENSO model predictions during 2002–11: is our capability increasing?},
  journal = {Bull. Am. Meteorol. Soc.},
  volume = {93},
  pages = {631–651},
  year = 2012,
}
@inproceedings{Zonghan_2020,
  author = {Zonghan Wu, Shirui Pan, Guodong Long, Jing Jiang, Xiaojun Chang, Chengqi Zhang},
  title = {Connecting the Dots: Multivariate Time Series Forecasting with Graph Neural Networks},
  booktitle = {KDD}
  year = {2020}
}

@article{Mecray_2020,
  author = {Ellen Mecray and Samantha Borisof},
  title = {NOAA La Niña Impacts and Outlook for the Northeast Region},
  year = {2020},
  month = {Oct.},
  url = {https://www.drought.gov/drought/documents/la-nina-impacts-and-outlook-northeast-region-october-2020},
  }

@article{Ham_2019, 
  author = {Ham, Yoo-Geun and Kim, Jeong-Hwan and Luo, Jing-Jia},
  year = 2019, 
  title = {Deep learning for multi-year ENSO forecasts},
  journal = {Nature}, 
  pages = {568 -- 572},
  volume = 573, 
  issue = 7775,
  }
@article{Dutkiewicz_2019,
author = {Dutkiewicz, Stephanie, Hickman, Anna E., Jahn, Oliver, Henson, Stephanie, Beaulieu, Claudie, Monier, Erwan},
title = {Ocean colour signature of climate change},
journal = {Nature Communications},
volume = {10},
number = {578},
year = {2019}
}
@ARTICLE{Yuval_2020,
       author = {{Yuval}, Janni and {O'Gorman}, Paul A.},
        title = "{Use of machine learning to improve simulations of climate}",
         year = 2020,
        month = jan,
archivePrefix = {arXiv},
       eprint = {2001.03151},
}


@article{Sonnewald_2019,
author = {Sonnewald, Maike and Wunsch, Carl and Heimbach, Patrick},
title = {Unsupervised Learning Reveals Geography of Global Ocean Dynamical Regions},
journal = {Earth and Space Science},
volume = {6},
number = {5},
pages = {784-794},
year = {2019}
}
@article{OGorman_2018,
author = {O'Gorman, Paul A. and Dwyer, John G.},
title = {Using Machine Learning to Parameterize Moist Convection: Potential for Modeling of Climate, Climate Change, and Extreme Events},
journal = {Journal of Advances in Modeling Earth Systems},
volume = {10},
number = {10},
pages = {2548-2563},
year = {2018}
}
@article{Gil_2018,
author = {Gil, Yolanda and Pierce, Suzanne A. and Babaie, Hassan and Banerjee, Arindam and Borne, Kirk and Bust, Gary and Cheatham, Michelle and Ebert-Uphoff, Imme and Gomes, Carla and Hill, Mary and et al.},
title = {Intelligent Systems for Geosciences: An Essential Research Agenda},
year = {2018},
publisher = {Association for Computing Machinery},
volume = {62},
number = {1},
url = {https://doi.org/10.1145/3192335},
journal = {Commun. ACM},
month = dec,
pages = {76–84},
numpages = {9}
}

@article {Hilborn_2020,
  author = {Hilborn, Ray and Amoroso, Ricardo Oscar and Anderson, Christopher M. and Baum, Julia K. and Branch, Trevor A. and Costello, Christopher and de Moor, Carryn L. and Faraj, Abdelmalek and Hively, Daniel and Jensen, Olaf P. and Kurota, Hiroyuki and Little, L. Richard and Mace, Pamela and McClanahan, Tim and Melnychuk, Michael C. and Minto, C{\'o}il{\'\i}n and Osio, Giacomo Chato and Parma, Ana M. and Pons, Maite and Segurado, Susana and Szuwalski, Cody S. and Wilson, Jono R. and Ye, Yimin},
  title = {Effective fisheries management instrumental in improving fish stock status},
  volume = {117},
  number = {4},
  pages = {2218--2224},
  year = {2020},
  journal = {Proceedings of the National Academy of Sciences}
}@article{Lau_2013,
title = "Beyond carbon: Conceptualizing payments for ecosystem services in blue forests on carbon and other marine and coastal ecosystem services",
journal = "Ocean and Coastal Management",
volume = "83",
pages = "5 - 14",
year = "2013",
issn = "0964-5691",
author = "Winnie W.Y. Lau",
}
@ARTICLE{Karpatne_2019,
author={A. {Karpatne} and I. {Ebert-Uphoff} and S. {Ravela} and H. A. {Babaie} and V. {Kumar}},
journal={IEEE Transactions on Knowledge and Data Engineering},
title={Machine Learning for the Geosciences: Challenges and Opportunities},
year={2019},
volume={31},
number={8},
pages={1544-1554},
month={Aug},
}
@article{Rasp_2018,
  author = {Rasp, Stephan and Pritchard, Michael S. and Gentine, Pierre},
  title = {Deep learning to represent subgrid processes in climate models},
  volume = {115},
  number = {39},
  pages = {9684--9689},
  year = {2018},
  publisher = {National Academy of Sciences},
  journal = {Proceedings of the National Academy of Sciences}
}
@article{Green_2019,
  author = {Green, Julia K. and Seneviratne, Sonia I. and Berg, Alexis M. and Findell, Kirsten L. and Hagemann, Stefan and Lawrence, David M. and Gentine, Pierre},
  year = 2019,
  title = {Large influence of soil moisture on long-term terrestrial carbon uptake},
  journal = {Nature},
  volume = 565,
  number = 7740
  }
@misc{Hanleybrown_2020,
  title = "Channeling Change: Making Collective Impact Work",
  year = 2020, 
  author = "HANLEYBROWN, FAY and KANIA, JOHN and KRAMER, MARK",
  publisher = "Stanford Social Innovation Review"
}
@ARTICLE{Hwang_2018,
       author = {{Hwang}, Jessica and {Orenstein}, Paulo and {Cohen}, Judah and
         {Pfeiffer}, Karl and {Mackey}, Lester},
        title = "{Improving Subseasonal Forecasting in the Western U.S. with Machine Learning}",
      journal = {arXiv e-prints},
         year = "2018",
        month = "Sep",
}
@article{Runge_2019,
  author = {Runge, Jakob and Bathiany, Sebastian and Bollt, Erik and Camps-Valls, Gustau and Coumou, Dim and Deyle, Ethan and Glymour, Clark and Kretschmer, Marlene and Mahecha, Miguel D. and Muñoz-Marí, Jordi and van Nes, Egbert H. and Peters, Jonas and Quax, Rick and Reichstein, Markus and Scheffer, Marten and Schölkopf, Bernhard and Spirtes, Peter and Sugihara, George and Sun, Jie and Zhang, Kun and Zscheischler, Jakob},
  title = {Inferring causation from time series in Earth system sciences},
  volume = {10},
  number = {2553},
  year = {2019},
  journal = {Nature Communications}
}

@article{Freiwald_2018,
author = {Freiwald, Jan and Meyer, Ryan and Caselle, Jennifer E. and Blanchette, Carol A. and Hovel, Kevin and Neilson, Doug and Dugan, Jenifer and Altstatt, Jessica and Nielsen, Karina and Bursek, Julie},
title = {Citizen science monitoring of marine protected areas: Case studies and recommendations for integration into monitoring programs},
journal = {Marine Ecology},
volume = {39},
number = {S1},
pages = {e12470},
year = {2018}
}
@article{Veillette_2018,
author = {Veillette, Mark S. and Hassey, Eric P. and Mattioli, Christopher J. and Iskenderian, Haig and Lamey, Patrick M.},
title = {Creating Synthetic Radar Imagery Using Convolutional Neural Networks},
journal = {Journal of Atmospheric and Oceanic Technology},
volume = {35},
number = {12},
pages = {2323-2338},
year = {2018},
}
@article {Hu_2020,
  author = {Hu, Shijian and Sprintall, Janet and Guan, Cong and McPhaden, Michael J. and Wang, Fan and Hu, Dunxin and Cai, Wenju},
  title = {Deep-reaching acceleration of global mean ocean circulation over the past two decades},
  volume = {6},
  number = {6},
  year = {2020},
  publisher = {American Association for the Advancement of Science},
  journal = {Science Advances}
}

@Article{Holloway_2018,
AUTHOR = {Holloway, Jacinta and Mengersen, Kerrie},
TITLE = {Statistical Machine Learning Methods and Remote Sensing for Sustainable Development Goals: A Review},
JOURNAL = {Remote Sensing},
VOLUME = {10},
YEAR = {2018},
NUMBER = {9},
}
@misc{Tech_Review_2020,
title = "Beyond carbon: Conceptualizing payments for ecosystem services in blue forests on carbon and other marine and coastal ecosystem services",
publisher = "MIT Technology Review",
author = "Douglas Heaven",
year = "2020",
url = "https://www.technologyreview.com/f/615174/the-white-house-will-spend-hundreds-of-millions-more-on-ai-research/",
}
@article{Ricardo_2020,
  author ="Vinuesa, Ricardo and Azizpour, Hossein and Leite, Iolanda and Balaam, Madeline and Dignum, Virginia and Domisch, Sami and Felländer, Anna and Langhans, Simone Daniela and Tegmark, Max and Fuso Nerini, Francesco",
  year = 2020,
  title = "The role of artificial intelligence in achieving the Sustainable Development Goals",
  journal = "Nature Communications",
  volume = 11,  
  issue = 1
}
@article{Ricardo_2020,
  author ="Vinuesa, Ricardo and Azizpour, Hossein and Leite, Iolanda and Balaam, Madeline and Dignum, Virginia and Domisch, Sami and Felländer, Anna and Langhans, Simone Daniela and Tegmark, Max and Fuso Nerini, Francesco",
  year = 2020,
  title = "The role of artificial intelligence in achieving the Sustainable Development Goals",
  journal = "Nature Communications",
  volume = 11,  
  issue = 1
}
@article{Luijendijk_2018,
	author = "Luijendijk, Arjen and Hagenaars, Gerben and Ranasinghe, Roshanka and Baart, Fedor and Donchyts, Gennadii and Aarninkhof, Stefan",
	year = 2018,
	title = "The State of the World’s Beaches",
	journal = "Scientific Reports",
	issue = 1,
	volume = 8
}
@article{Nienhuis_2020,
	author = "Nienhuis, J.H., Ashton, A.D., Edmonds, D.A. et al.",
	title = "Global-scale human impact on delta morphology has led to net land area gain",
	journal = "Nature",
	volume = 577,
	pages = "514–518",
	year = 2020
}

@ARTICLE{Zantedeschi_2019,
       author = {{Zantedeschi}, Valentina and {Falasca}, Fabrizio and {Douglas}, Alyson and
         {Strange}, Richard and {Kusner}, Matt J. and {Watson-Parris}, Duncan},
        title = "{Cumulo: A Dataset for Learning Cloud Classes}",
      journal = {2019 NeurIPS Workshop on Tackling Climate Change with AI},
         year = "2019",
}
@ARTICLE{Irzak_2019,
       author = {Olya Irzak and Amber Thomas and Stephanie Schneider and Catalin Voss},
        title = "{Predicting Arctic Methane Seeps via Satellite Imagery}",
      journal = {2019 NeurIPS Workshop on Tackling Climate Change with AI},
         year = "2019",
}

@ARTICLE{Cosne_2019,
       author = {{Cosne}, Gautier and {Maze}, Guillaume and {Tandeo}, Pierre},
        title = "{Coupling Oceanic Observation Systems to Study Mesoscale Ocean Dynamics}",
      journal = {2019 NeurIPS Workshop on Tackling Climate Change with AI},
         year = "2019",
}

@ARTICLE{Nalisnick_2019,
       author = {{Nalisnick}, Eric and {Matsukawa}, Akihiro and {Whye Teh}, Yee and
         {Gorur}, Dilan and {Lakshminarayanan}, Balaji},
        title = "{Hybrid Models with Deep and Invertible Features}",
      journal = {ICML 2019},
         year = "2019",
}

@ARTICLE{Martens_2019,
       author = {{M{\"a}rtens}, Marcus and {Izzo}, Dario and {Krzic}, Andrej and
         {Cox}, Dani{\"e}l},
        title = "{Super-Resolution of PROBA-V Images Using Convolutional Neural Networks}",
      journal = {Special Issue on Applications of Artificial Intelligence in Aerospace Engineering in Journal "Astrodynamics"},
         year = "2019",
}

@article {Richardson_2004,
	author = {Richardson, Anthony J. and Schoeman, David S.},
	title = {Climate Impact on Plankton Ecosystems in the Northeast Atlantic},
	volume = {305},
	number = {5690},
	pages = {1609--1612},
	year = {2004},
	publisher = {American Association for the Advancement of Science},
	journal = {Science}
}
@ARTICLE{Hu_2019,
author={J. {Hu} and L. {Shen} and S. {Albanie} and G. {Sun} and E. {Wu}},
journal={IEEE Transactions on Pattern Analysis and Machine Intelligence},
title={Squeeze-and-Excitation Networks},
year={2019},
volume={},
number={},
pages={1-1},
}